2406 4186
877 541 922 610 85

111 723 162 778 est
191 713 275 796 quod
303 713 490 780 dubitemus.
542 711 612 781 Res
640 718 796 804 probatur
823 721 923 784 etiam

110 825 369 909 Agamemnonis
399 825 457 890 ille
485 845 544 914 per
570 827 684 892 Jovem
714 829 922 896 destitutione

109 935 162 1020 (Il.
192 935 238 1017 ΙΙ,
271 935 299 1000 1.
322 939 394 1023 sq),
423 955 495 1001 eum
522 959 585 1021 que
614 942 798 1004 conseratur
824 945 923 1008 etiem

111 1048 268 1112 Mercurii
300 1049 502 1112 mendacium
537 1049 588 1131 (ll.
618 1035 749 1132 XXIV,
782 1050 861 1135 389)
890 1066 923 1119 et
998 1127 1003 1136 ,

109 1172 278 1247 praeterea
294 1161 399 1246 ipsum
410 1152 501 1223 Iovis
517 1181 695 1245 cognomen
710 1152 833 1242 Κρόνου
846 1165 921 1236 παῖς

110 1259 338 1352 ἀγκυλομήτεω
361 1268 423 1334 Od.
437 1269 534 1352 XXI,
551 1269 626 1337 415.
650 1273 689 1337 Il.
704 1273 749 1354 II,
764 1269 840 1338 205.
855 1308 899 1324 -

201 1378 270 1442 Sed
292 1380 331 1442 de
353 1383 592 1464 expugnatione
615 1384 734 1466 Trojse
756 1383 922 1450 neamus

108 1487 164 1556 De
192 1491 288 1553 rebus
315 1491 430 1553 ueteris
464 1511 544 1572 quae
578 1493 672 1555 nobis
698 1495 859 1557 maximae
887 1497 923 1558 in

108 1602 244 1668 Homeri
267 1601 461 1665 carminibus
475 1603 632 1683 videntur,
650 1605 722 1686 jam
736 1605 923 1669 fundamen-

109 1725 181 1778 tum
212 1711 339 1778 fabullae
376 1712 490 1778 Iliadis
526 1714 795 1801 oontemplamur,
830 1717 922 1800 eujus

109 1843 205 1906 quom
238 1825 303 1887 sibi
331 1821 491 1886 Homerus
525 1825 717 1888 informasse
745 1826 922 1909 imaginem

109 1935 257 2000 videatur
272 1938 344 2018 J'am
365 1953 453 1998 nuno
475 1935 619 2015 quaestio
642 1937 714 2000 erit.

199 2046 240 2110 In
268 2045 372 2110 Iliade
400 2045 502 2128 igitur
528 2047 674 2109 narratio
703 2031 751 2112 dav
776 2038 923 2112 Achillis
1055 2094 1060 2105 .

109 2160 203 2221 rebem
239 2157 371 2220 omnino
414 2156 598 2220 dominetur
631 2169 666 2221 et
704 2159 922 2244 prinoipstunr

103 2277 210 2332 tenet.
266 2265 311 2330 Et
345 2266 480 2350 fingitur
514 2268 543 2331 is
577 2267 704 2349 quidem
732 2269 793 2332 dea
821 2282 921 2349 eaque

108 2376 196 2442 baud
218 2377 354 2461 ignobili
376 2390 489 2456 natus,
517 2377 750 2458 virtutibusque
778 2378 922 2464 praeela-

108 2489 248 2552 rissimis
262 2489 411 2572 insignis.
442 2486 629 2551 Incredibili
644 2489 780 2569 quodam
797 2488 922 2572 fulgore

107 2599 216 2664 eluoet
243 2612 277 2663 et
303 2599 466 2684 splendet,
501 2610 538 2661 ut
565 2601 785 2684 praestringat
818 2619 922 2686 poene

108 2711 211 2775 aciem
250 2709 432 2790 oculorum,
475 2709 719 2790 admirabilique
760 2709 824 2771 ista
858 2721 920 2774 nos

108 2823 316 2888 veneratione
332 2821 465 2900 imbuat,
488 2840 550 2900 qua
566 2817 715 2899 aequales
730 2819 835 2904 ipsum
850 2831 920 2884 tan·

108 2951 206 3014 quam
227 2933 322 2996 deun
344 2917 502 2995 celebant.
521 2926 548 3012 *i
591 2930 686 3006 Quod
707 2948 808 3012 quam
826 2930 922 2994 iaeile

111 3071 315 3088 ψ

181 3131 209 3201 *)
226 3131 333 3202 Posteri
351 3145 442 3188 revera
466 3131 601 3189 Achillem
623 3132 651 3188 in
673 3129 786 3186 deornm
810 3141 921 3181 numero

108 3216 268 3275 referebant.
306 3217 395 3291 Cuius
420 3217 454 3274 de
477 3219 626 3276 enumerati
645 3215 760 3272 Aebiiiis
783 3209 921 3269 domidlio

109 3313 139 3361 et
158 3304 231 3361 cultu
250 3305 277 3360 in
297 3304 382 3362 insula
400 3303 490 3361 Leuce
508 3304 542 3361 ed
559 3303 738 3378 Borysthenis
750 3302 829 3369 ostie,
846 3299 873 3358 J.
887 3295 920 3357 II.

110 3389 189 3450 Voss.
207 3390 331 3467 (llytbol.
352 3385 435 3451 Briei.
454 3391 487 3450 Τ.
505 3389 552 3462 111,
570 3408 631 3468 pag.
650 3391 685 3444 59
697 3391 751 3464 sq.)
770 3383 923 3467 complures

667 3485 688 3552 3
704 3482 722 3524 s
