2406 4186
299 511 343 580 la

298 685 401 757 adhue
423 697 529 753 antem
551 671 690 754 recenti
698 691 737 754 ob
759 689 897 754 amioum
925 687 1035 756 dolore
1057 693 1103 758 lo·

298 811 360 888 get
405 800 518 882 Itaque
540 802 575 864 in
598 801 713 864 intimo
744 802 845 864 animi
872 821 1000 865 recessu
1029 825 1102 868 ooo.

296 931 408 979 versos
430 925 563 1000 apparet
586 909 745 976 Achilleo.
773 911 861 995 Erga
876 909 1000 976 hostem
1015 916 1102 980 enim

291 1024 486 1112 jammam,
514 1041 610 1104 quam
631 1035 745 1106 nostra
770 1023 886 1106 religio
912 1027 1102 1110 praeseribit

297 1136 442 1200 caritatis
476 1132 733 1200 benevolentiam
766 1134 906 1198 ostendit
933 1135 1019 1198 idem
1048 1138 1103 1218 qui
1161 1197 1164 1202 .

294 1244 404 1334 paullo
440 1257 514 1309 ante
548 1246 584 1308 in
615 1245 781 1332 proximos
815 1246 937 1312 omiooo
969 1246 1103 1312 infando

297 1356 391 1445 eulpa
412 1368 608 1443 peceaverat.
688 1377 691 1382 ·

382 1468 430 1533 Ut
458 1489 533 1532 vero
569 1467 687 1531 elarius
722 1465 788 1531 vim
821 1466 1032 1532 humanitatis
1066 1471 1103 1534 in

294 1580 456 1645 reddendo
477 1579 616 1642 Hectore
638 1576 869 1660 intelligamus,
892 1599 913 1643 a
935 1593 1103 1644 eonsuetu-

293 1689 368 1754 dine
395 1708 520 1753 morum
547 1697 731 1750 nostrorum
757 1689 936 1775 paullulum
972 1691 1101 1756 roeoda-

292 1821 372 1866 mos.
410 1801 454 1865 Et
475 1820 514 1864 ea
529 1798 716 1883 diligentius
735 1802 997 1888 contemplemur,
1020 1823 1106 1890 qnae¹

291 1913 360 1980 lllir
389 1912 584 2000 temporibus
613 1911 650 1972 in
681 1911 901 1976 adamatorum
934 1913 1104 1979 hominnm
1191 1923 1192 1984 l

292 2037 396 2088 morte
418 2025 566 2105 lugentes
589 2023 781 2086 sentiebant.
830 2022 985 2107 Legitimi
1013 2028 1103 2090 enim
1191 2039 1192 2058 ¹

290 2135 413 2216 luctus,
449 2132 491 2197 ad
517 2133 622 2217 ipsum
649 2133 768 2196 mortui
797 2137 912 2220 eorpus'
945 2137 1102 2218 instituti,

283 2251 393 2332 justae
428 2255 462 2308 et
494 2242 649 2306 solemnis
676 2243 873 2330 sepulturae,
910 2246 1104 2312 admirabile

288 2359 429 2445 pretium
444 2365 524 2420 erat
549 2355 643 2431 Quod
662 2355 842 2446 deoloratur
855 2357 1104 2444 primumaoer.

287 2471 388 2533 bitate
410 2468 631 2546 certaminum,
654 2487 735 2548 quae
757 2468 1010 2534 demortuorum
1026 2493 1104 2558 per-

287 2578 363 2642 inde
398 2597 437 2640 eo
471 2576 512 2638 de
547 2576 723 2640 viventium
745 2581 942 2668 ¹torporibus
974 2603 1106 2668 pugna.

287 2682 454 2770 bantur')
496 2683 624 2776 Deinde
645 2705 721 2753 vero
735 2707 776 2778 ex
792 2712 830 2754 eo
846 2702 989 2778 apparet,
1013 2695 1107 2774 quod
1191 2719 1192 2798 a

287 2801 374 2866 vitae
407 2799 547 2866 amiam
582 2793 800 2888 companatio
833 2804 942 2886 gravia
967 2823 988 2866 a
1015 2803 1106 2868 Jove
1191 2809 1192 2886 l

288 2911 360 2994 ipso
383 2907 519 2972 habetur
547 2913 578 2974 oi
608 2933 722 3000 eorpus
749 2934 770 2977 a
796 2914 987 3000 propinquis
1016 2916 1105 2980 bene
1191 2909 1192 2944 ³

285 3012 498 3109 sepelitur-”l
542 3022 629 3095 Quid
656 3007 752 3086 ‘vorot
780 3024 880 3088 Tanti
906 3025 1105 3090 aestimatur

979 3157 1105 3226 corpus

285 3199 488 3217 ..ι-υ·-

355 3285 382 3353 r)
401 3283 434 3342 n.
452 3281 540 3352 xvn,
558 3283 612 3340 no
630 3311 664 3326 -
683 3285 727 3344 oo.

355 3369 401 3439 n)
418 3369 453 3433 n.
471 3368 547 3442 xvi,
565 3372 619 3430 too
636 3389 677 3449 oq.
